@online{learnyouahaskell,
    author = {},
    title = {Learn You a Haskell for Great Good!},
    year = {},
    url = {http://learnyouahaskell.com/introduction},
    note = {Accessed: 2023-12-01}
}

@article{devgenius,
    author = {},
    title = {Java vs Haskell: Understanding the Key Differences},
    year = {},
    url = {https://blog.devgenius.io/java-vs-haskell-understanding-the-key-differences-5b6b777c577e},
    note = {Accessed: 2023-12-01}
}

@online{cppmemorymanagement,
    author = {},
    title = {C++ Memory Management},
    year = {},
    url = {https://www.simplilearn.com/tutorials/cpp-tutorial/cpp-memory-management},
    note = {Accessed: 2023-12-01}
}

@online{stackshare,
    author = {},
    title = {C++ vs Haskell},
    year = {},
    url = {https://stackshare.io/stackups/cplusplus-vs-haskell#pros},
    note = {Accessed: 2023-12-01}
}

@online{serokell,
    author = {Serokell Software Development Company},
    title = {History of the Haskell Programming Language},
    year = {},
    url = {https://serokell.io/blog/haskell-history},
    note = {Accessed: 2023-12-01}
}

@online{futurelearn,
    author = {FutureLearn},
    title = {Brief History of Haskell},
    year = {},
    url = {https://www.futurelearn.com/info/courses/functional-programming-haskell/0/steps/27218},
    note = {Accessed: 2023-12-01}
}

@online{historyofhaskell,
    author = {Hudak, Paul and Hughes, John and Jones, Simon Peyton and Wadler, Philip},
    title = {A History of Haskell: Being Lazy With Class},
    year = {2007},
    url = {https://www.microsoft.com/en-us/research/wp-content/uploads/2016/07/history.pdf},
    note = {Accessed: 2023-12-01}
}

@misc{haskelltutorial,
    author = {},
    title = {Haskell Tutorial},
    year = {},
    url = {https://www.youtube.com/watch?v=02_H3LjqMr8},
    note = {Accessed: 2023-12-01}
}

@misc{cis194,
    author = {},
    title = {CIS194 Course},
    year = {},
    url = {https://www.seas.upenn.edu/~cis1940/spring13/lectures.html},
    note = {Accessed: 2023-12-01}
}

@book{getprogrammingwithhaskell,
    author = {},
    title = {Get Programming with Haskell},
    year = {},
    url = {https://www.manning.com/books/get-programming-with-haskell},
    note = {Accessed: 2023-12-01}
}

@online{programminginhaskell,
    author = {},
    title = {Programming in Haskell},
    year = {},
    url = {https://www.cs.nott.ac.uk/~pszgmh/pih.html},
    note = {Accessed: 2023-12-01}
}

@misc{houtonhaskellcourse,
    author = {Houton, Graham},
    title = {Graham Houton Haskell Course},
    year = {},
    url = {https://www.youtube.com/watch?v=a0fPHkzK36I&list=PLF1Z-APd9zK7usPMx3LGMZEHrECUGodd3},
    note = {Accessed: 2023-12-01}
}
